<record><leader>00000cas a22000007a 4500</leader><controlfield tag="001">13457812</controlfield><controlfield tag="008">860419d18771900nvuwr ne      0    0eng d</controlfield><datafield ind1=" " ind2=" " tag="010"><subfield code="a">sn 86091346 </subfield></datafield><datafield ind1=" " ind2=" " tag="040"><subfield code="a">UNP</subfield><subfield code="b">eng</subfield><subfield code="c">UNP</subfield><subfield code="d">NNX</subfield><subfield code="d">CNK</subfield><subfield code="d">OCLCQ</subfield><subfield code="d">DLC</subfield></datafield><datafield ind1=" " ind2=" " tag="042"><subfield code="a">msc</subfield></datafield><datafield ind1=" " ind2=" " tag="043"><subfield code="a">n-us-nv</subfield></datafield><datafield ind1=" " ind2="4" tag="050"><subfield code="a">AN2.N3</subfield><subfield code="b">P56</subfield></datafield><datafield ind1="0" ind2="4" tag="245"><subfield code="a">The Pioche weekly record.</subfield></datafield><datafield ind1=" " ind2=" " tag="260"><subfield code="a">Pioche, Nev. :</subfield><subfield code="b">Record Pub. Co.,</subfield><subfield code="c">1877-1900.</subfield></datafield><datafield ind1=" " ind2=" " tag="300"><subfield code="a">39 v. :</subfield><subfield code="b">ill.</subfield></datafield><datafield ind1=" " ind2=" " tag="310"><subfield code="a">Weekly</subfield></datafield><datafield ind1="0" ind2=" " tag="362"><subfield code="a">Vol. 13, no. 71 (Jan. 6, 1877)-v. 51, no. 1 (June 29, 1900).</subfield></datafield><datafield ind1=" " ind2=" " tag="752"><subfield code="a">United States</subfield><subfield code="b">Nevada</subfield><subfield code="c">Lincoln</subfield><subfield code="d">Pioche.</subfield></datafield><datafield ind1="0" ind2="0" tag="780"><subfield code="t">Pioche tri-weekly record</subfield><subfield code="w">(DLC)  2015270825</subfield><subfield code="w">(OCoLC)933612142</subfield></datafield><datafield ind1="0" ind2="0" tag="785"><subfield code="t">Lincoln County record (Pioche, Nev. : 1900)</subfield><subfield code="w">(DLC)sn 86091347</subfield><subfield code="w">(OCoLC)13457834</subfield></datafield></record>